<?xml version="1.0" encoding="UTF-8"?><collection xmlns="http://www.loc.gov/MARC21/slim"><record><leader>00472nam--2200181-i-4500</leader><controlfield tag="001">000047542</controlfield><controlfield tag="002">20161230</controlfield><controlfield tag="005">20161230201046</controlfield><controlfield tag="008">060222s1000------------r-----000-0-eng-d</controlfield><datafield ind1=" " ind2=" " tag="020"><subfield code="a">0521201233</subfield></datafield><datafield ind1=" " ind2=" " tag="040"><subfield code="a">IFIN-HH</subfield></datafield><datafield ind1=" " ind2=" " tag="080"><subfield code="a">539.2:548.5</subfield></datafield><datafield ind1="1" ind2=" " tag="100"><subfield code="a">Woodruff, D. P</subfield></datafield><datafield ind1="1" ind2="0" tag="245"><subfield code="a">The solid-liquid interface</subfield><subfield code="c">D.p. woodruff</subfield></datafield><datafield ind1=" " ind2=" " tag="260"><subfield code="a">Cambridge</subfield><subfield code="b">Cambridge University Press</subfield><subfield code="c">1973</subfield></datafield><datafield ind1=" " ind2=" " tag="300"><subfield code="a">VIII + 182P</subfield></datafield><datafield ind1=" " ind2=" " tag="852"><subfield code="a">41953</subfield><subfield code="c">539.2</subfield></datafield><datafield ind1=" " ind2=" " tag="CAT"><subfield code="a">Sys</subfield><subfield code="c">20121024</subfield><subfield code="h">103753</subfield></datafield></record></collection>